@book {Homer:Iliad,
    AUTHOR = {Homer},
     TITLE = {The {I}liad},
   EDITION = {Third},
      NOTE = {An epic poem in dactylic hexameter, translated from the Greek by A. Guy},
 PUBLISHER = {McHaw-Grill Book Co., New Cork},
      YEAR = {1978},
     PAGES = {xi+331},
      ISBN = {0-07-000657-1},
}

