@article{kearon1998noninvasive,
  title={Noninvasive diagnosis of deep venous thrombosis},
  author={Kearon, Clive and Julian, Jim A and Math, M and Newman, Toni E and Ginsberg, Jeffrey S},
  journal={Annals of internal medicine},
  volume={128},
  number={8},
  pages={663--677},
  year={1998},
  publisher={American College of Physicians}
}