@book{goossens1994latex,
    title={The LATEX companion},
    author={Goossens, Michel and Mittelbach, Frank and Samarin, Alexander and others},
    volume={1},
    year={1994},
    publisher={Addison-Wesley Reading}
}