@article{borel1958theoreme,
  title={Le th{\'e}oreme de Riemann-Roch},
  author={Borel, Armand and Serre, Jean-Pierre},
  journal={Bulletin de la Soci{\'e}t{\'e} math{\'e}matique de France},
  volume={86},
  pages={97--136},
  year={1958}
}

@article{baum1975riemann,
  title={Riemann-Roch for singular varieties},
  author={Baum, Paul and Fulton, William and MacPherson, Robert},
  journal={Publications Math{\'e}matiques de l'IH{\'E}S},
  volume={45},
  pages={101--145},
  year={1975}
}

@article{baum1979riemann,
  title={Riemann-Roch and topological K-theory for singular varieties},
  author={Baum, Paul and Fulton, William and MacPherson, Robert},
  year={1979}
}

@book{ferrand2006theorie,
  title={Th{\'e}orie des Intersections et Th{\'e}or{\`e}me de Riemann-Roch: S{\'e}minaire de G{\'e}om{\'e}trie Alg{\'e}brique du Bois Marie 1966/67 (SGA 6)},
  author={Ferrand, D and Jouanolou, Jean-Pierre and Jussila, O and Kleiman, S and Raynaud, M and Serre, Jean-Pierre},
  volume={225},
  year={2006},
  publisher={Springer}
}






















